@article{strips,
  author = {Richard E. Fikes and Nils J. Nilsson},
  title = {STRIPS: A New Approach to the Application of Theorem Proving to Problem Solving},
  journal = {Artificial Intelligence},
  volume = {2},
  number = {3-4},
  pages = {189--208},
  year = {1971}
}

@article{allen,
  author = {James F. Allen},
  title = {Maintaining Knowledge about Temporal Intervals},
  journal = {Communications of the ACM},
  volume = {26},
  number = {11},
  pages = {832--843},
  year = {1983}
}

@book{huth,
  author = {Michael Huth and Mark Ryan},
  title = {Logic in Computer Science: Modelling and Reasoning about Systems},
  publisher = {Cambridge University Press},
  edition = {2},
  year = {2004}
}

@inproceedings{fei,
author = {Song, Fei and Cohen, Robin},
title = {Temporal reasoning during plan recognition},
year = {1991},
isbn = {0262510596},
publisher = {AAAI Press},
booktitle = {Proceedings of the Ninth National Conference on Artificial Intelligence - Volume 1},
pages = {247–252},
numpages = {6},
location = {Anaheim, California},
series = {AAAI'91}
}

@inproceedings{kautz,
  author = {Kautz, Henry A. and Ladkin, Peter B.},
  title = {Integrating Metric and Qualitative Temporal Reasoning},
  booktitle = {Proceedings of the Ninth National Conference on Artificial Intelligence (AAAI-91)},
  volume = {1},
  pages = {241--246},
  year = {1991},
  publisher = {AAAI Press},
  address = {Anaheim, California}
}

@inproceedings{Bacchus1996,
  author = {Bacchus, F. and Kabanza, F.},
  title = {Planning for Temporally Extended Goals},
  booktitle = {Proceedings of the Thirteenth National Conference on Artificial Intelligence},
  year = {1996},
  volume = {2},
  pages = {1215--1222},
  publisher = {AAAI Press}
}

@ARTICLE{survey,
  title     = "A survey of imperatives and action representation formalisms",
  author    = "Srinivasan, Bama and Parthasarathi, Ranjani",
  journal   = "Artif. Intell. Rev.",
  publisher = "Springer Science and Business Media LLC",
  volume    =  48,
  number    =  2,
  pages     = "263--297",
  month     =  aug,
  year      =  2017,
  language  = "en"
}

@article{mira,
  author = {Bama Srinivasan and Ranjani Parthasarathi},
  title = {A Formalism to Specify Unambiguous Instructions Inspired by Mīmāṃsā in Computational Settings},
  journal = {Logica Universalis},
  volume = {16},
  number = {1},
  pages = {27--55},
  year = {2021}
}

@inproceedings{llmmira,
  title = {A {M\={\i}m\={a}\d{m}\c{s}\={a}} Inspired Framework Towards Temporal Reasoning in Large Language Models},
  author = {Bama Srinivasan and Mohan Raj Vijayan},
  booktitle = {Proceedings of the 11th Indian Conference on Logic and Applications},
  year = {2025},
  address = {Calcutta, India},
  publisher = {Springer LNCS}
 
}

@inproceedings{expai,
  title = {The Emerging Landscape of Explainable Automated Planning \& Decision Making},
  author = {Chakraborti, Tathagata and Sreedharan, Sarath and Kambhampati, Subbarao},
  booktitle = {Proceedings of the Twenty-Ninth International Joint Conference on Artificial Intelligence (IJCAI’20)},
  pages = {4803--4811},
  year = {2020},
  publisher = {AAAI Press},
  url = {https://www.ijcai.org/proceedings/2020/bibtex/669}
}

@inproceedings{xiong,
    title = "Large Language Models Can Learn Temporal Reasoning",
    author = "Xiong, Siheng  and
      Payani, Ali  and
      Kompella, Ramana  and
      Fekri, Faramarz",
    editor = "Ku, Lun-Wei  and
      Martins, Andre  and
      Srikumar, Vivek",
    booktitle = "Proceedings of the 62nd Annual Meeting of the Association for Computational Linguistics (Volume 1: Long Papers)",
    month = aug,
    year = "2024",
    address = "Bangkok, Thailand",
    publisher = "Association for Computational Linguistics",
    url = "https://aclanthology.org/2024.acl-long.563/",
    doi = "10.18653/v1/2024.acl-long.563",
    pages = "10452--10470",
    }
@misc{llm_human,
      title={Training language models to follow instructions with human feedback}, 
      author={Long Ouyang and Jeff Wu and Xu Jiang and Diogo Almeida and Carroll L. Wainwright and Pamela Mishkin and Chong Zhang and Sandhini Agarwal and Katarina Slama and Alex Ray and John Schulman and Jacob Hilton and Fraser Kelton and Luke Miller and Maddie Simens and Amanda Askell and Peter Welinder and Paul Christiano and Jan Leike and Ryan Lowe},
      year={2022},
      eprint={2203.02155},
      archivePrefix={arXiv},
      primaryClass={cs.CL},
      url={https://arxiv.org/abs/2203.02155}, 
}
@inproceedings{hplan1,
author = {Bercher, Pascal and Biundo, Susanne and Geier, Thomas and Hoernle, Thilo and Richter, Felix and Schattenberg, Bernd and Nothdurft, Florian},
title = {Plan, repair, execute, explain — how planning helps to assemble your home theater},
year = {2014},
isbn = {9781577356608},
publisher = {AAAI Press},
booktitle = {Proceedings of the Twenty-Fourth International Conferenc on International Conference on Automated Planning and Scheduling},
pages = {386–394},
numpages = {9},
location = {Portsmouth, New Hampshire, USA},
series = {ICAPS'14}
}
@inproceedings{hplan2,
  title     = {A Survey on Hierarchical Planning – One Abstract Idea, Many Concrete Realizations},
  author    = {Bercher, Pascal and Alford, Ron and Höller, Daniel},
  booktitle = {Proceedings of the Twenty-Eighth International Joint Conference on
               Artificial Intelligence, {IJCAI-19}},
  publisher = {International Joint Conferences on Artificial Intelligence Organization},
  pages     = {6267--6275},
  year      = {2019},
  month     = {7},
  doi       = {10.24963/ijcai.2019/875},
  url       = {https://doi.org/10.24963/ijcai.2019/875},
}

@inproceedings{htn1,
  title={UMCP: A sound and complete procedure for hierarchical task network planning},
  author={Erol, Kutluhan and Hendler, James and Nau, Dana S.},
  booktitle={Proceedings of the Second International Conference on AI Planning Systems (AIPS)},
  pages={249--254},
  year={1994}
}

@book{dechter_2003,
  title={Constraint Processing},
  author={Dechter, Rina},
  year={2003},
  publisher={Morgan Kaufmann}
}


@book{clarke_modelchecking_1999,
  title={Model Checking},
  author={Clarke, Edmund M. and Grumberg, Orna and Peled, Doron A.},
  year={1999},
  publisher={MIT Press}
}
@book{wooldridge_2009,
  title={An Introduction to MultiAgent Systems},
  author={Wooldridge, Michael},
  year={2009},
  publisher={Wiley}
}
@inproceedings{bdi,
  title={Modeling rational agents within a BDI-architecture},
  author={Rao, Anand S. and Georgeff, Michael P.},
  booktitle={Proceedings of the International Conference on Principles of Knowledge Representation and Reasoning (KR)},
  pages={473--484},
  year={1991}
}

@ARTICLE{goal_act_plan,
  
AUTHOR={Van-Horenbeke, Franz A.  and Peer, Angelika },
         
TITLE={Activity, Plan, and Goal Recognition: A Review},
        
JOURNAL={Frontiers in Robotics and AI},
        
VOLUME={Volume 8 - 2021},

YEAR={2021},

URL={https://www.frontiersin.org/journals/robotics-and-ai/articles/10.3389/frobt.2021.643010},

DOI={10.3389/frobt.2021.643010},

ISSN={2296-9144}}


@article{plan_library,
  author    = {Mirsky, Reuth and Keren, Gal and Gal, Alon and Karpas, Erez},
  title     = {Goal and Plan Recognition Design for Plan Libraries},
  journal   = {ACM Transactions on Intelligent Systems and Technology},
  volume    = {16},
  number    = {1},
  pages     = {1--25},
  year      = {2025},
  publisher = {ACM},
  doi       = {10.1145/3234464}
}


